@article{virieux2009overview,
  title={An overview of full-waveform inversion in exploration geophysics},
  author={Virieux, Jean and Operto, St{\'e}phane},
  journal={Geophysics},
  volume={74},
  number={6},
  pages={WCC1--WCC26},
  year={2009},
  publisher={Society of Exploration Geophysicists}
}
@book{duff1986direct,
  title={Direct methods for sparse matrices},
  author={Duff, Iain S and Erisman, Albert Maurice and Reid, John Ker},
  year={1986},
  publisher={Clarendon press Oxford}
}
@book{saad2003iterative,
  title={Iterative methods for sparse linear systems},
  author={Saad, Yousef},
  year={2003},
  publisher={Siam}
}
@book{smith2004domain,
  title={Domain decomposition: parallel multilevel methods for elliptic partial differential equations},
  author={Smith, Barry and Bjorstad, Petter and Gropp, William},
  year={2004},
  publisher={Cambridge university press}
}
@book{demmel1997applied,
  title={Applied numerical linear algebra},
  author={Demmel, James W},
  year={1997},
  publisher={Siam}
}
@article{li2011superlu,
  title={SuperLU usersâ€™ guide},
  author={Li, Xiaoye S and Demmel, James W and Gilbert, John R and Grigori, Laura and Shao, Meiyue and Yamazaki, Ichitaro},
  journal={Internet Address: http://crd. lbl. gov/\~{} xiaoye/SuperLU/superlu\_ug. pdf},
  year={2011}
}
@article{sonneveld2008idr,
  title={IDR (s): A family of simple and fast algorithms for solving large nonsymmetric systems of linear equations},
  author={Sonneveld, Peter and van Gijzen, Martin B},
  journal={SIAM Journal on Scientific Computing},
  volume={31},
  number={2},
  pages={1035--1062},
  year={2008},
  publisher={SIAM}
}
@article{marfurt1984accuracy,
  title={Accuracy of finite-difference and finite-element modeling of the scalar and elastic wave equations},
  author={Marfurt, Kurt J},
  journal={Geophysics},
  volume={49},
  number={5},
  pages={533--549},
  year={1984},
  publisher={Society of Exploration Geophysicists}
}
@article{li05,                                                                  
    AUTHOR = {Xiaoye S. Li},                                                    
    TITLE = {An Overview of {SuperLU}: Algorithms, Implementation,              
             and User Interface},                                               
    journal = toms,                                                             
    volume = {31},                                                              
    number = {3},                                                               
    month = {September},                                                        
    year = {2005},                                                              
    pages = {302-325},                                                          
}
@book{khaira1992nested,
  title={Nested Dissection: A survey and comparison of various nested dissection algorithms},
  author={Khaira, Manpreet S and Miller, Gary L and Sheffler, Thomas J},
  year={1992},
  publisher={Carnegie-Mellon University. Department of Computer Science}
}